@article{DrRainerMautz2012,
	author = {Dr. Rainer Mautz},
	title = {Indoor Positioning Technologies},
	journal = {Application for Venia Legendi in Positioning and Engineering Geodesy},
	year = {2012, February}
}
@article{YenChengChen2003,
	author = {Yen-Cheng Chen; Yao-Jung Chan; and Cheung-Wo She},
	title = {Enabling Location-Based Services on Wireless LANs},
	journal = {Department of Information Management National Chi Nan University},
	year = {2003}
}
@article{TryfonTheodorou2009,
	author = {Tryfon Theodorou, George Violettas, Antigoni Polychroniadou and Christos Georgiadis},
	title = {A Suite of Wi-fi Positioning SNMP Monitor },
	journal = {Journal of Documentation},
	year = {2009}
}
@article{CISCOSystems2006,
	author = {CISCO Systems.},
	title = {Wi-Fi Based Real-Time Location Tracking: Solutions and Technology.},
	journal = {White Paper},
	year = {2006}
}
@article{HeinrichSchmitzberger2011,
	author = {Heinrich Schmitzberger; Wolfgang Narzt},
	title = {Campus-Wide Indoor Tracking Infrastructure},
	journal = {Department of Business Informatics - Software Engineering},
	year = {2011}
}
@article{DavidSchwab2004,
	author = {David Schwab; Rick Bunt},
	title = {Characterising the Use of a Campus Wireless Network},
	journal = {Department of Computer Science University of Saskatchewan },
	year = {2004}
}

@article{rfc5416,
	author = {P. Calhoun, Ed.; M. Montemurro, Ed. },
	title = {Control and Provisioning of Wireless Access Points (CAPWAP) Protocol Binding for IEEE 802.11},
	journal = {Network Working Group},
	year = {2009 March}
}
@article{Siddhartha2002,
	author = {Siddhartha Saha; Kamalika Chaudhuri; Dheeraj Sanghi; Pravin Bhagwat},
	title = {Location Determination of a Mobile Device using IEEE 802.11 Access Point Signals},
	journal = {Department of Computer Science Engineering, Indian, Institute of Technology Kanpur},
	year = {2002}
}
@article{rfc1493,
	author = { E. Decker; P. Langille; A. Rijsinghani; K. McCloghrie},
	title = {Definitions of Managed Objects for Bridges},
	journal = {Network Working Group},
	year = {1993，2-31}
}
@article{rfc4188,
	author = { K. Norseth, Ed， E. Bell, Ed},
	title = {Definitions of Managed Objects for Bridges},
	journal = {Network Working Group},
	year = {2005，2-7}
}
@book{JochenSchiller2008,
	author = {Jochen Schiller},
	title = {Mobile Communications 2 Edition},
	year = {2003},
	publisher = {Pearson}
}

@article{PaulCastro2001,
	author = {Paul Castro; Patrick Chiu; Ted Kremenek; Richard Muntz},
	title = {A probabilistic location service for wireless network environments},
	journal = {Proc. Ubicomp}, 
	year = {2001, September}
}

@article{rfc1157,
	author = {J. Case; M. Fedor; M. Schoffstall},
	title = {A Simple Network Management Protocol (SNMP)},
	journal = {Network Working Group}, 
	year = {1990}
}
@article{Cisco2006,
	author = {Cisco Systems, Inc},
	title = {Wi-Fi Location-Based Services—Design and Deployment Considerations},
	journal = {Cisco Systems, Inc},
	year = {2006,103-107}
}
@article{rfc2865,
	author = {C. Rigney, S. Willens, A. Rubens},
	title = {Remote Authentication Dial In User Service (RADIUS)},
	journal = {Network Working Group },
	year = {2000}
}
@article{rfc1213,
	author = {K. McCloghrie, M. Rose.},
	title = {Management Information Base for Network Management of TCP/IP-based internets: MIB-II},
	journal = {Network Working Group},
	year = {1991， 6-8，16-60}

}
@article{SmallJ2000,
	author = {J. Small, A. Smailagic, D. Siewiorek},
	title = {Determining User Location For Context Aware Computing Through the Use of a Wireless LAN Infrastructure},
	journal = {Carnegie Mellon University},
    year = {2000, December}
}
@article{DavidP,
	author = {David P. Blinn, Tristan Henderson, David Kotz},
	title = {Analysis of a Wi-Fi Hotspot Network},
	journal = {Department of Computer Science, Dartmouth College, Hanover},
	year = {NH 03755}
}
@article{AnandBalachandran2003,
	author = {Anand Balachandran, Geoffrey M. Voelker, Paramvir Bahl},
	title = {Wireless Hotspots:Current Challenges and Future Directions},
	journal = {Proceedings of WMASH 2003},
	year = {2003}
}

